@Book{Wolsey:1998,
  title={Integer programming},
  author={Wolsey, L.A.},
  series={Wiley-Interscience series in discrete mathematics and optimization},
  year={1998},
  publisher={Wiley}
}

@Book{Griffiths:2005,
	author = {Griffiths, Anthony  J. F.  and Miller, Jeffrey  H.  and Suzuki, David  T.  and Lewontin, Richard  C.  and Gelbart, William  M. },
	edition = {Eight},
	publisher = {W. H. Freeman and Company},
	title = {An Introduction to Genetic Analysis},
	year = {2005}
}

@BOOK{Steuer:1986,
author= {R. E. Steuer},
year= {1986},
title= {Multiple Criteria Optimization: Theory, Computation and Application},
publisher= {Krieger Pub Co},
}

@Article{Servin:2004,
  author = {Servin, B. and Martin, O. C. and M\'ezard, M. and Hospital, F.},
  title =	 {Toward a Theory of Marker-Assisted Gene Pyramiding},
  journal =	 {Genetics},
  year =	 {2004},
  volume =	 {168},
  number =       {1},
  pages =	 {513--523}
}

@Article{Ye:2008,
  author = {Guouou Ye and Kevin F. Smith},
  title = {Marker-assisted Gene Pyramiding for Inbred Line Development: Basic Principles and Practical Guidelines},
  journal = {International Journal of Plant Breeding},
  year = {2008},
  volume = {2},
  number = {1},
  pages = {1--10}
}

@Article{Bender:2005,
 author = {Bender,, Michael A. and Farach-Colton,, Mart\'{\i}n and Pemmasani,, Giridhar and Skiena,, Steven and Sumazin,, Pavel},
 title = {Lowest common ancestors in trees and directed acyclic graphs},
 journal = {Journal of Algorithms},
 volume = {57},
 number = {2},
 year = {2005},
 issn = {0196-6774},
 pages = {75--94}
}

@Article{Kosambi:1944,
 author = {Kosambi, D. D.},
 title = {The estimation of map distances from recombination values},
 journal = {Annals of Eugenics},
 volume = {12},
 number = {3},
 year = {1944},
 pages = {172-175}
}

@book{Vazirani:2003,
	author = {Vazirani, Vijay  V. },
	publisher = {Springer},
	title = {Approximation Algorithms},
	year = {2003}
}

@book{Bradley:1977,
  author = {Stephen P. Bradley and Arnoldo C. Hax and Thomas L. Magnanti},
  publisher = {Addison-Wesley},
  title = {Applied Mathematical Programming},
  year = {1977}
}

@incollection{Karp:1972,
	author = {Karp, R. M. },
	booktitle = {Complexity of Computer Computations},
	editor = {Miller, R. E. and Thatcher, J. W. },
	pages = {85--103},
	publisher = {Plenum Press},
	title = {Reducibility Among Combinatorial Problems},
	year = {1972}
}

@article{Feige:1998,
    author = "Uriel Feige",
    title = "A Threshold of ln  n  for Approximating Set Cover",
    journal = "Journal of the ACM",
    volume = "45",
    number = "4",
    pages = "634-652",
    year = "1998"
}

@ARTICLE{Haldane:1919,
  AUTHOR       = {Haldane, J. B. S.},
  TITLE        = {The combination of linkage values and the calculation of distances between the loci of linked factors},
  YEAR         = {1919},
  JOURNAL      = {Journal of Genetics},
  volume       = {8},
  pages        = {299-309},
}

@INPROCEEDINGS{Raz:1997,
    author = {Raz, R. and Safra, S.},
    title = {A Sub-Constant Error-Probability Low-Degree Test, and a Sub-Constant Error-Probability {PCP} Characterization of {NP}},
    booktitle = {Proc. 29th ACM Symp. on Theory of Computing},
    pages = {475-484},
    year = {1997},
}

@ARTICLE{Ishii-I:2007,
    author      = {Ishii, T. and Yonezawa, K.},
    title       = {Optimization of the Marker-Based Procedures for Pyramiding Genes from Multiple Donor Lines: I.\ {Schedule} of Crossing between the Donor Lines},
    journal     = {Crop Science},
    volume      = {47},
    pages       = {537-546},
    year        = {2007},
}

@ARTICLE{Ishii-II:2007,
    author      = {Ishii, T. and Yonezawa, K.},
    title       = {Optimization of the Marker-Based Procedures for Pyramiding Genes from Multiple Donor Lines: {II}.\ {Strategies} for Selecting the Objective Homozygous Plant},
    journal     = {Crop Science},
    volume      = {47},
    pages       = {1878-1886},
    year        = {2007},
}

@ARTICLE{Moose:2008,
    author      = {Moose, S. P. and Mumm, R. H.},
    title       = {Molecular Plant Breeding as the Foundation for 21st Century Crop Improvement},
    journal     = {Plant Physiology},
    volume      = {147},
    pages       = {969-977},
    year        = {2008},
}

@ARTICLE{Dekkers:2002,
    author      = {Dekkers, J. C. M. and Hospital, F.},
    title       = {The Use of Molecular Genetics in the Improvement of Agricultural Populations},
    journal     = {Nature Reviews Genetics},
    volume      = {3},
    pages       = {22-32},
    year        = {2002},
}

@BOOK{CLRS:2001,
    author      = {Cormen, Thomas H. and Leiserson, Charles E. and Rivest, Ronald L. and Stein, Clifford},
    title       = {Introduction to Algorithms},
    year        = {2001},
    publisher   = {The MIT Press},
    edition = {3rd}
}

@BOOK{BC:2008,
    author      = {Brown, Jack and Caligari, Peter},
    title       = {Introduction to Plant Breeding},
    year        = {2008},
    publisher   = {Wiley-Blackwell},
}

@BOOK{MR:2006,
    author      = {Montgomery, Douglas C. and Runger, George C.},
    title       = {Applied Statistics and Probability for Engineers},
    year        = {2006},
    publisher   = {John Wiley \& Sons},
    edition = {4th}
}

@BOOK{ES:2003,
	author = {Eiben, A. E.  and Smith, J. E.},
	publisher = {Springer},
	series = {Natural Computing},
	title = {Introduction to Evolutionary Computing},
	year = {2003},
}

@PHDTHESIS{GAPHD:2001,
  AUTHOR       = {van Dijk, S.},
  TITLE        = {Genetic Algorithms for Map Labeling},
  YEAR         = {2001},
  SCHOOL       = {Utrecht University}
}

@BOOK{Holland:1975,
  AUTHOR       = {Holland, J. H.},
  TITLE        = {Adaptation in Natural and Artificial Systems},
  YEAR         = {1975},
  PUBLISHER    = {The University of Michigan Press},
}

@ARTICLE{Rohlf:1983,
  AUTHOR       = {Rohlf, James F.},
  TITLE        = {Numbering binary trees with labeled terminal vertices},
  YEAR         = {1983},
  JOURNAL      = {Bulletin of Mathematical Biology},
  volume       = {45},
  number       = {1},
  pages        = {33-40},
}

@ARTICLE{Blum:1973,
  AUTHOR       = {Blum, M. and Floyd, R.W. and Pratt, V. and Rivest, R. and Tarjan, R.},
  TITLE        = {Time bounds for selection},
  YEAR         = {1973},
  JOURNAL      = {Journal of Computer and System Sciences},
  volume       = {7},
  number       = {4},
  pages        = {448-461},
}

@ARTICLE{Chifriss:1992,
  AUTHOR       = {Shifriss, Chen and Pilowsky, Meir and Zacks, Jerome M.},
  TITLE        = {Resistance to {Leveillula Taurica} mildew {(=Oidiopsis taurica)} in {Capsicum annuum}},
  YEAR         = {1992},
  JOURNAL      = {Phytoparasitica},
  volume       = {20},
  number       = {4},
  pages        = {279-283},
}

@ARTICLE{Collard:2008,
  AUTHOR = {Collard, Bertrand C. Y. and Mackill, David J.},
  TITLE = {Marker-assisted selection: an approach for precision plant breeding in the twenty-first century},
  YEAR = {2008},
  JOURNAL = {Phil. Trans. R. Soc. B},
  volume = {363},
  number = {1491},
  pages = {557--572},
}

@BOOK{Bisseling:2004,
  AUTHOR       = {Bisseling, Rob H.},
  TITLE        = {Parallel Scientific Computation},
  YEAR         = {2004},
  PUBLISHER    = {Oxford University Press},
}

@inproceedings{DBLP:conf/wabi/CanzarE11,
  author    = {Stefan Canzar and
               Mohammed El-Kebir},
  title     = {A Mathematical Programming Approach to Marker-Assisted Gene
               Pyramiding},
  booktitle = {WABI},
  year      = {2011},
  pages     = {26-38},
  ee        = {http://dx.doi.org/10.1007/978-3-642-23038-7_3},
  crossref  = {DBLP:conf/wabi/2011},
  bibsource = {DBLP, http://dblp.uni-trier.de}
}
@proceedings{DBLP:conf/wabi/2011,
  editor    = {Teresa M. Przytycka and
               Marie-France Sagot},
  title     = {Algorithms in Bioinformatics - 11th International Workshop,
               WABI 2011, Saarbr{\"u}cken, Germany, September 5-7, 2011.
               Proceedings},
  booktitle = {WABI},
  publisher = {Springer},
  series    = {Lecture Notes in Computer Science},
  volume    = {6833},
  year      = {2011},
  isbn      = {978-3-642-23037-0},
  ee        = {http://dx.doi.org/10.1007/978-3-642-23038-7},
  bibsource = {DBLP, http://dblp.uni-trier.de}
}


